%% start of file `jdoe_publications.bib'.
%% Copyright 2006 Xavier Danaux (xdanaux<AT>gmail.com).
%
% This work may be distributed and/or modified under the
% conditions of the LaTeX Project Public License version 1.3c,
% available at http://www.latex-project.org/lppl/.

%editor = {Carlos Corredor Pereira, Felipe Guhl Nannetti and Carmenza Duque Beltran},
@incollection{florez2008,
    author = {Andrés Florez and Allan Kuchinsky and Daeui Park and Jairo Espinosa and Willington Vega and Jorge Zuluaga and Carlos Muskus},
    title = {Impacto del secuenciamiento del genoma de tres especies de \emph{Leishmania} en la investigación basica aplicada en Colombia},
    booktitle = {Memorias del seminario internacional ACOFACIEN – ACCEFYN, Tendencias y futuro de la investigación en parasitología y en productos naturales},
    publisher = {Editora Guadalupe S.A},
    address = {Bogotá},
    year = {2008},
    pages = {183-192},
    isbn = {978-958-9205-68-6}
}

@incollection{zapata2008,
    author = {Carlos M. Zapata and Willington Vega and Fernando Arango},
    title = {An extension to UN-LEND for transforming diagrams},
    booktitle = {Tendencias en Ingeniería de Software e Inteligencia Artificial},
    publisher = {Autores Editores},
    volume = {2},
    year = {2008},
    pages = {19-24},
    isbn = {978-958-44-3666-5}
}

@unpublished{vega2010+1,
    author = {Willington Vega and Juan David Velásquez and Carlos Jaime Franco},
    title = {Pronóstico de la demanda mensual de electricidad en el mercado energético Colombiano usando un modelo ARIMA},
    year = {2010},
    note = {Remitido para evaluación a la Revista Innovar}
}

@unpublished{vega2010+2,
    author = {Willington Vega and Juan David Velásquez and Carlos Jaime Franco},
    title = {Pronóstico de la demanda mensual de electricidad en el mercado energético Colombiano usando SVM},
    year = {2010},
    note = {Remitido para evaluación a la Revista de Ingeniería - Universidad de los Andes}
}

%% end of file `publications.bib'.
